%% This BibTeX bibliography file was created using BibDesk.
%% https://bibdesk.sourceforge.io/

%% Created for Simon Symhoven at 2021-07-11 21:31:34 +0200 


%% Saved with string encoding Unicode (UTF-8) 



@misc{yt,
	author = {JenkinsCI},
	journal = {YouTube},
	month = {April},
	publisher = {YouTube},
	title = {{Jenkins UX SIG Meeting 28 Apr 2021 + Pull Request Monitoring Plugin Demo}},
	url = {https://www.youtube.com/watch?v=F1ISpA7K0YA&amp;t=11s},
	year = {2021},
	Bdsk-Url-1 = {https://www.youtube.com/watch?v=F1ISpA7K0YA&amp;t=11s}}

@misc{gridstack,
	author = {{Reznikov}, Pavel and {Weiss}, Dylan and {Dumesny}, Alain},
	title = {{Gridstack.js - Build Interactive Dashboards In Minutes}},
	url = {https://gridstackjs.com/},
	Bdsk-Url-1 = {https://gridstackjs.com/}}

@misc{scm_atlassian,
	author = {Atlassian},
	date-added = {2021-07-04 13:29:28 +0200},
	date-modified = {2021-07-04 13:29:28 +0200},
	journal = {Atlassian},
	title = {{Source Code Management: Atlassian Git Tutorial}},
	url = {https://www.atlassian.com/git/tutorials/source-code-management},
	year = {o.D.},
	Bdsk-Url-1 = {https://www.atlassian.com/git/tutorials/source-code-management}}

@book{dev-ops-handbuch,
	annote = {{\"U}berstzung von Thomas Demming},
	author = {{Gene}, Kim and {Humble}, Jez and {Debois}, Patrick and {Willis}, John},
	date-added = {2021-06-11 09:57:08 +0200},
	date-modified = {2021-06-11 10:14:10 +0200},
	edition = {1. Auflage},
	month = {Juli},
	note = {{\"U}bersetzung von Thomas Demming},
	publisher = {O'Reilly Media, Inc.},
	title = {{Das DevOps-Handbuch: Teams, Tools und Infrastrukturen erfolgreich umgestalten}},
	year = {2017}}

@book{jenkins-guide,
	author = {{Smart}, John Ferguson},
	date-added = {2021-06-11 09:57:08 +0200},
	date-modified = {2021-06-11 10:14:10 +0200},
	edition = {1. Auflage},
	month = {August},
	publisher = {O'Reilly Media, Inc.},
	title = {{Jenkins: The Definitive Guide: Continuous Integration for the Masses}},
	year = {2011}}

@misc{muuri-api-plugin,
	author = {{Symhoven}, Simon},
	date-modified = {2021-07-10 14:03:22 +0200},
	month = {April},
	publisher = {GitHub},
	title = {{Muuri API Jenkins Plugin}},
	url = {https://github.com/jenkinsci/muuri-api-plugin},
	year = {2021},
	Bdsk-Url-1 = {https://github.com/jenkinsci/muuri-api-plugin}}

@misc{git-plugin,
	author = {{Waite}, Mark and {Leon}, Ramon and {Lamy}, Olivier},
	date-modified = {2021-07-10 14:04:54 +0200},
	month = {Juli},
	publisher = {GitHub},
	title = {{Git Plugin}},
	url = {https://github.com/jenkinsci/git-plugin},
	year = {2009},
	Bdsk-Url-1 = {https://github.com/jenkinsci/git-plugin}}

@misc{workflow-multibranch-plugin,
	author = {{Glick}, Jesse and {Soto}, Manuel Recena and {Bayer}, Andrew},
	date-modified = {2021-07-10 13:56:09 +0200},
	month = {Mai},
	publisher = {GitHub},
	title = {{Pipeline: Multibranch}},
	url = {https://github.com/jenkinsci/workflow-multibranch-plugin},
	year = {2014},
	Bdsk-Url-1 = {https://github.com/jenkinsci/workflow-multibranch-plugin}}

@misc{select2-api-plugin,
	author = {{Symhoven}, Simon},
	date-modified = {2021-07-10 14:00:41 +0200},
	month = {Mai},
	publisher = {GitHub},
	title = {{Select2 API Jenkins Plugin}},
	url = {https://github.com/jenkinsci/select2-api-plugin},
	year = {2021},
	Bdsk-Url-1 = {https://github.com/jenkinsci/select2-api-plugin}}

@misc{pull-request-monitoring-plugin,
	author = {{Symhoven}, Simon},
	date-modified = {2021-07-10 14:02:54 +0200},
	month = {Januar},
	publisher = {GitHub},
	title = {{Pull Request Monitoring Jenkins Plugin}},
	url = {https://github.com/jenkinsci/pull-request-monitoring-plugin},
	year = {2021},
	Bdsk-Url-1 = {https://github.com/jenkinsci/pull-request-monitoring-plugin}}

@misc{warnings-ng-plugin,
	author = {{{\relax Prof. Dr.} Hafner}, Ullrich},
	date-modified = {2021-07-10 14:00:46 +0200},
	month = {Februar},
	publisher = {GitHub},
	title = {{Jenkins Warnings Next Generation Plugin}},
	url = {https://github.com/jenkinsci/warnings-ng-plugin},
	year = {2011},
	Bdsk-Url-1 = {https://github.com/jenkinsci/warnings-ng-plugin}}

@misc{git-forensics-plugin,
	author = {{{\relax Prof. Dr.} Hafner}, Ullrich},
	date-modified = {2021-07-10 14:05:38 +0200},
	month = {Mai},
	publisher = {GitHub},
	title = {{Git Forensics Jenkins Plugin}},
	url = {https://github.com/jenkinsci/git-forensics-plugin},
	year = {2019},
	Bdsk-Url-1 = {https://github.com/jenkinsci/git-forensics-plugin}}

@misc{junit-plugin,
	author = {{Glick}, Jesse and {Rodriguez}, Andres and {Bayer}, Andrew},
	date-modified = {2021-07-10 14:03:59 +0200},
	month = {September},
	publisher = {GitHub},
	title = {{JUnit Plugin For Jenkins}},
	url = {https://github.com/jenkinsci/junit-plugin},
	version = {9.1.0},
	year = {2010},
	Bdsk-Url-1 = {https://github.com/jenkinsci/junit-plugin}}

@misc{forensics-api-plugin,
	author = {{{\relax Prof. Dr.} Hafner}, Ullrich},
	date-modified = {2021-07-10 14:06:25 +0200},
	month = {Juni},
	publisher = {GitHub},
	title = {{Jenkins Forensics API Plugin}},
	url = {https://github.com/jenkinsci/forensics-api-plugin},
	year = {2019},
	Bdsk-Url-1 = {https://github.com/jenkinsci/forensics-api-plugin}}

@misc{dashboard-view-plugin,
	author = {{Gond{\v z}a}, Oliver and {Gruetzmacher}, Tobias and {Van Dyke}, Evan},
	date-modified = {2021-07-10 14:06:52 +0200},
	month = {Dezember},
	publisher = {GitHub},
	title = {{Jenkins Dashboard View Plugin}},
	url = {https://github.com/jenkinsci/dashboard-view-plugin},
	year = {2010},
	Bdsk-Url-1 = {https://github.com/jenkinsci/dashboard-view-plugin}}

@unpublished{ausschreibung,
	author = {{{\relax Prof. Dr.} Hafner}, Ullrich},
	date-modified = {2021-07-06 22:03:13 +0200},
	month = {Januar},
	note = {Hintergrund und Aufgabenstellung zur Ausschreibung.},
	title = {{Abstract: Pull Request View - Jenkins Dashboard}},
	year = {2021},
	Bdsk-File-1 = {YnBsaXN0MDDSAQIDBFxyZWxhdGl2ZVBhdGhZYWxpYXNEYXRhXxAxLi4vLi4vLi4vLi4vLi4vRGVza3RvcC9QdWxsIFJlcXVlc3QgRGFzaGJvYXJkLnBkZk8RAYAAAAAAAYAAAgAADE1hY2ludG9zaCBIRAAAAAAAAAAAAAAAAAAAAAAAAABCRAAB/////xpQdWxsIFJlcXVlc3QgRGFzaGJvYXJkLnBkZgAAAAAAAAAAAAAAAAAAAAAAAAAAAAAAAAAAAAAAAAAAAAAAAAD/////AAAAAAAAAAAAAAAAAAUAAgAACiBjdQAAAAAAAAAAAAAAAAAHRGVza3RvcAAAAgA4LzpVc2VyczpzaW1vbnN5bWhvdmVuOkRlc2t0b3A6UHVsbCBSZXF1ZXN0IERhc2hib2FyZC5wZGYADgA2ABoAUAB1AGwAbAAgAFIAZQBxAHUAZQBzAHQAIABEAGEAcwBoAGIAbwBhAHIAZAAuAHAAZABmAA8AGgAMAE0AYQBjAGkAbgB0AG8AcwBoACAASABEABIANlVzZXJzL3NpbW9uc3ltaG92ZW4vRGVza3RvcC9QdWxsIFJlcXVlc3QgRGFzaGJvYXJkLnBkZgATAAEvAAAVAAIAFP//AAAACAANABoAJABYAAAAAAAAAgEAAAAAAAAABQAAAAAAAAAAAAAAAAAAAdw=}}

@misc{code-coverage-api-plugin,
	author = {{Zeng}, Shenyu},
	date-modified = {2021-07-10 14:07:16 +0200},
	month = {Mai},
	publisher = {GitHub},
	title = {{Code Coverage API Jenkins Plugin}},
	url = {https://github.com/jenkinsci/code-coverage-api-plugin},
	version = {1.3.2},
	year = {2018},
	Bdsk-Url-1 = {https://github.com/jenkinsci/code-coverage-api-plugin}}

@misc{fowler_2006,
	author = {{Fowler}, Martin},
	journal = {martinfowler.com},
	month = {Mai},
	title = {Continuous Integration},
	url = {https://www.martinfowler.com/articles/continuousIntegration.html},
	year = {2006},
	Bdsk-Url-1 = {https://www.martinfowler.com/articles/continuousIntegration.html}}

@misc{fowler_2021,
	author = {{Fowler}, Martin},
	journal = {martinfowler.com},
	month = {Januar},
	title = {PullRequest},
	url = {https://martinfowler.com/bliki/PullRequest.html},
	year = {2021},
	Bdsk-Url-1 = {https://martinfowler.com/bliki/PullRequest.html}}

@misc{continuous-improvement,
	author = {{{\c C}elik}, Tantek and {Mullenweg}, Matthew and {Meyer}, Eric},
	journal = {Continuous Improvement},
	title = {{Automated software testing in Continuous Integration (CI) and Continuous Delivery (CD)}},
	url = {https://pepgotesting.com/continuous-integration/},
	year = {o.D.},
	Bdsk-Url-1 = {https://pepgotesting.com/continuous-integration/}}

@misc{git_workflow_atlassian,
	author = {Atlassian},
	date-modified = {2021-07-04 13:32:10 +0200},
	journal = {Atlassian},
	title = {{Gitflow Workflow: Atlassian Git Tutorial}},
	url = {https://www.atlassian.com/git/tutorials/comparing-workflows/gitflow-workflow},
	year = {o.D.},
	Bdsk-Url-1 = {https://www.atlassian.com/git/tutorials/source-code-management}}

@misc{contribution_workflow,
	author = {UltraZohm},
	journal = {Contribution Workflow - UltraZohm 0.0.1 documentation},
	title = {{Contribution Workflow}},
	url = {https://docs.ultrazohm.com/general/contribution_workflow.html},
	year = {o.D.},
	Bdsk-Url-1 = {https://docs.ultrazohm.com/general/contribution_workflow.html}}

@misc{pipeline,
	author = {JenkinsCI},
	journal = {Jenkins Doc},
	title = {{Pipeline}},
	url = {https://www.jenkins.io/doc/book/pipeline/},
	year = {o.D.},
	Bdsk-Url-1 = {https://www.jenkins.io/doc/book/pipeline/}}

@misc{jenkinsci_plugin,
	author = {JenkinsCI},
	title = {{Preparing for Plugin Development}},
	url = {https://www.jenkins.io/doc/developer/tutorial/prepare/},
	year = {o.D.},
	Bdsk-Url-1 = {https://www.jenkins.io/doc/developer/tutorial/prepare/}}

@misc{strachan_2017,
	author = {{Strachan}, James},
	month = {September},
	title = {{Jelly - Jelly : Executable XML}},
	url = {https://commons.apache.org/proper/commons-jelly/},
	year = {2017},
	Bdsk-Url-1 = {https://commons.apache.org/proper/commons-jelly/}}

@misc{pr_guide,
	author = {{GitHub Inc.}},
	journal = {GitHub Guides},
	month = {Juli},
	title = {{Hello World Â· GitHub Guides}},
	url = {https://guides.github.com/activities/hello-world/},
	year = {2020},
	Bdsk-Url-1 = {https://guides.github.com/activities/hello-world/}}

@misc{augsten_2019,
	author = {{Augsten}, Stephan},
	date-modified = {2021-06-17 07:33:23 +0200},
	journal = {Dev},
	month = {Mai},
	publisher = {Dev-Insider},
	title = {{Definition \glqq{}Software Metric\grqq{} - Was sind Softwaremetriken?}},
	url = {https://www.dev-insider.de/was-sind-softwaremetriken-a-813487/},
	year = {2019},
	Bdsk-Url-1 = {https://www.dev-insider.de/was-sind-softwaremetriken-a-813487/}}

@misc{horn_maven,
	author = {Horn, Torsten},
	journal = {Maven 3.5},
	title = {Maven 3.5},
	url = {https://www.torsten-horn.de/techdocs/maven.htm},
	year = {o.D.},
	Bdsk-Url-1 = {https://www.torsten-horn.de/techdocs/maven.htm}}

@misc{muuri,
	author = {{R{\"a}m{\"o}}, Niklas},
	journal = {Muuri},
	title = {{Muuri - Infinite Layouts With Batteries Included}},
	url = {https://muuri.dev/},
	year = {o.D.},
	Bdsk-Url-1 = {https://muuri.dev/}}

@misc{select2,
	author = {{Brown}, Kevin},
	journal = {Muuri},
	title = {{Getting Started | Select2 - The} j{Query Replacement For Select Boxes}},
	url = {https://select2.org/},
	year = {o.D.},
	Bdsk-Url-1 = {https://select2.org/}}

@misc{git,
	author = {{Chacon}, Scott and {Long}, Jason},
	title = {Git},
	url = {https://git-scm.com/},
	year = {o.D.},
	Bdsk-Url-1 = {https://git-scm.com/}}

@misc{jenkinsci_plugin_center,
	author = {JenkinsCI},
	title = {{Jenkins Plugins}},
	url = {https://plugins.jenkins.io/},
	year = {o.D.},
	Bdsk-Url-1 = {https://plugins.jenkins.io/}}

@misc{apache-software-foundation,
	author = {Apache Software Foundation},
	journal = {The Apache Groovy programming language},
	title = {{A Multi-Faceted Language For The Java Platform}},
	url = {https://groovy-lang.org/},
	year = {o.D.},
	Bdsk-Url-1 = {https://groovy-lang.org/}}

@inbook{gamma_helm_johnson_1998,
	author = {{Gamma}, Erich and {Helm}, Richard and {Johnson}, Ralph},
	booktitle = {{Design Patterns Elements Of Reusable Object Oriented Software}},
	date-modified = {2021-07-11 09:38:27 +0200},
	pages = {107 ff.},
	place = {Reading etc.},
	publisher = {Addison Wesley},
	title = {{Design Patterns Elements Of Reusable Object Oriented Software}},
	year = {1998}}

@misc{jenkins_jelly,
	author = {JenkinsCI},
	journal = {Jenkins Wiki},
	month = {Januar},
	title = {{Basic Guide To Jelly Usage In Jenkins - Jenkins}},
	url = {https://wiki.jenkins.io/display/JENKINS/Basic+guide+to+Jelly+usage+in+Jenkins},
	year = {2020},
	Bdsk-Url-1 = {https://wiki.jenkins.io/display/JENKINS/Basic+guide+to+Jelly+usage+in+Jenkins}}
